@misc{festo-valve,
	title = "{VUVS-LK20-M32C-AD-G18-1C1-S}",
	url = "https://www.festo.com/net/SupportPortal/Files/426186/VUVS-S-Series_QOS_en.pdf"
}

@misc{table,
	title = "Haku {Beistellwagen} {Minden} 33986",
	url = "https://www.muellerland.de/haku-beistellwagen-minden-33986-0744016505.html"
}

@misc{raspbian,
	author = "Mike Thompson and Peter Green",
	title = "Raspbian: Debian fork for {Raspberry} {Pi} microcomputers",
	url = "https://www.raspbian.org"
}

@misc{raspberry-pi,
	title = "{Raspberry Pi 3 Model B}",
	url = "https://www.raspberrypi.org/products/raspberry-pi-3-model-b/"
}


@misc{power-supply,
	title = "{Salcar} {72W} {Netzteil} {(24V 3A)}",
	url = "https://www.amazon.de/gp/product/B01A6LQMWW"
}

@misc{rust,
	title = "Rust programming language",
	url = "https://www.rust-lang.org/en-US/"
}

@misc{falcon9,
	title = "Falcon 9",
	url = "http://www.spacex.com/falcon9"
}


@misc{spacex,
	title = "SpaceX",
	url = "http://www.spacex.com"
}

@misc{rocket-equation,
	title = "Ideal {Rocket} {Equation}",
	url = "https://spaceflightsystems.grc.nasa.gov/education/rocket/rktpow.html"
}


